@article{discher2018point,
  title={A Point-Based and Image-Based Multi-Pass Rendering Technique for Visualizing Massive 3D Point Clouds in VR Environments},
  author={Discher, S{\"o}ren and Helmert-Stra{\ss}e, Dr- and Masopust, Leon and Schulz, Sebastian and Richter, Rico and D{\"o}llner, J{\"u}rgen},
  year={2018}
}

@inproceedings{rusinkiewicz2000qsplat,
  title={QSplat: A multiresolution point rendering system for large meshes},
  author={Rusinkiewicz, Szymon and Levoy, Marc},
  booktitle={Proceedings of the 27th annual conference on Computer graphics and interactive techniques},
  pages={343--352},
  year={2000},
  organization={ACM Press/Addison-Wesley Publishing Co.}
}

@inproceedings{goswami2010high,
  title={High quality interactive rendering of massive point models using multi-way kd-trees},
  author={Goswami, Prashant and Zhang, Yanci and Pajarola, Renato and Gobbetti, Enrico},
  booktitle={2010 18th Pacific Conference on Computer Graphics and Applications},
  pages={93--100},
  year={2010},
  organization={IEEE}
}

@inproceedings{wimmer2006instant,
  title={Instant Points: Fast Rendering of Unprocessed Point Clouds.},
  author={Wimmer, Michael and Scheiblauer, Claus},
  booktitle={SPBG},
  pages={129--136},
  year={2006},
  organization={Citeseer}
}
